@ARTICLE{2020_ml_approach,
	author={Li, Bin and Huang, Jian and Feng, Yanming and Wang, Fuhong and Sang, Jizhang},
	journal={IEEE Transactions on Aerospace and Electronic Systems}, 
	title={A Machine Learning-Based Approach for Improved Orbit Predictions of LEO Space Debris With Sparse Tracking Data From a Single Station}, 
	year={2020},
	volume={56},
	number={6},
	pages={4253-4268},
	doi={10.1109/TAES.2020.2989067}},

@INPROCEEDINGS{2019_lidar,
	author={Mamani, Jaime Gerson Cuba and Cardenas, Pablo Raúl Yanyachi Aco},
	booktitle={2019 IEEE International Conference on Aerospace and Signals (INCAS)}, 
	title={LiDAR small satellite for space debris location and attitude determination}, 
	year={2019},
	volume={},
	number={},
	pages={1-6},
	doi={10.1109/INCAS.2019.8827211}},

@INPROCEEDINGS{2020_SSA,
	author={Zuehlke, David and Henderson, Troy and Alan Lovell, T. and Sizemore, Alex},
	booktitle={2020 IEEE/ION Position, Location and Navigation Symposium (PLANS)}, 
	title={An End-to-End Process for Local Space Situational Awareness from Optical Observers}, 
	year={2020},
	volume={},
	number={},
	pages={1547-1555},
	doi={10.1109/PLANS46316.2020.9109868}},

@article{2013_orbit_pred,
	author = {Bennett, James and Sang, Jizhang and Smith, Craig and Zhang, Kefei},
	year = {2013},
	month = {12},
	pages = {1876–1887},
	title = {Accurate orbit predictions for debris orbit manoeuvre using ground-based lasers},
	volume = {52},
	journal = {Advances in Space Research},
	doi = {10.1016/j.asr.2013.08.029}
},

@article{2014_mt_stromlo,
	author = {Sang, Jizhang and Bennett, James and Smith, Craig},
	year = {2014},
	month = {09},
	pages = {258–268},
	title = {Experimental results of debris orbit predictions using sparse tracking data from Mt Stromlo},
	volume = {102},
	journal = {Acta Astronautica},
	doi = {10.1016/j.actaastro.2014.06.012}
},

@ARTICLE{2017_pose_pca,
	author={Opromolla, Roberto and Fasano, Giancarmine and Rufino, Giancarlo and Grassi, Michele},
	journal={IEEE Transactions on Aerospace and Electronic Systems}, 
	title={Pose Estimation for Spacecraft Relative Navigation Using Model-Based Algorithms}, 
	year={2017},
	volume={53},
	number={1},
	pages={431-447},
	doi={10.1109/TAES.2017.2650785}
},

@INPROCEEDINGS{2020_space_debris_summary,
	author={Raguraman, Shanmugam and Sarath, Raj N.S and Varghese, Jerrin},
	booktitle={2020 8th International Conference on Reliability, Infocom Technologies and Optimization (Trends and Future Directions) (ICRITO)}, 
	title={Space Debris Removal: Challenges and Techniques-A Review}, 
	year={2020},
	volume={},
	number={},
	pages={1361-1366},
	doi={10.1109/ICRITO48877.2020.9197877}
},

@ARTICLE{8932515,
	author={Opromolla, Roberto and Nocerino, Alessia},
	journal={IEEE Access}, 
	title={Uncooperative Spacecraft Relative Navigation With LIDAR-Based Unscented Kalman Filter}, 
	year={2019},
	volume={7},
	number={},
	pages={180012-180026},
	doi={10.1109/ACCESS.2019.2959438}
},

@Article{2020_sensors_paper,
	AUTHOR = {Kim, Simon and Lim, Hyung-Chul and Bennett, James. C. and Lachut, Michael and Jo, Jung Hyun and Choi, Jin and Choi, Mansoo and Park, Eunseo and Yu, Sung-Yeol and Sung, Ki-Pyoung},
	TITLE = {Analysis of Space Debris Orbit Prediction Using Angle and Laser Ranging Data from Two Tracking Sites under Limited Observation Environment},
	JOURNAL = {Sensors},
	VOLUME = {20},
	YEAR = {2020},
	NUMBER = {7},
	ARTICLE-NUMBER = {1950},
	URL = {https://www.mdpi.com/1424-8220/20/7/1950},
	ISSN = {1424-8220},
	DOI = {10.3390/s20071950}
}